@Manual{COMPL_DB,
	title = {Consumer Complaints Database},
    institution = {Consumer Financial Protection Bureau},
	year = {2022},
    month = {Nov},
    url = {https://www.consumerfinance.gov/data-research/consumer-complaints/#download-the-data}
}